@article{meyer,
    author = "Meyer, D.",
    title = "From Quantum Cellular Automata to Quantum Lattice Gases",
    journal =      "Journal of Statistical Physics",
    volume =       "85",
    year =         "1996"
}

@misc{pulido,
    author = "Pulido, I.",
    title = "Study, implementation and validation of the Lattice Boltzmann method for quantum systems.",
    organization = "Universidad Nacional de Colombia",
    year =         "2015"
}

@article{succi,
    author = "Succi, S.",
    title = "Lattice Boltzmann schemes for quantum applications",
    journal =      "Computer Physics Communications",
    number =       "146",
    year =         "2002"
}

@article{munoz,
    author = "Valdivieso, M. and Muñoz, J.",
    title = "Numerical comparison of 1D quantum lattice Boltzmann models",
    journal =      "Journal of Statistical Mechanics",
    year =         "2009"
}

@book{LBmethod,
    author = "Krüger, T. et al.",
    title = "The Lattice Boltzmann Method",
    publisher = "Springer",
    year =         "2017"
}

